<record><leader>00000cas a22000007a 4500</leader><controlfield tag="001">17597947</controlfield><controlfield tag="008">880308d18331856nyuwr ne      0    0eng d</controlfield><datafield ind1=" " ind2=" " tag="010"><subfield code="a">sn 88075726 </subfield></datafield><datafield ind1=" " ind2=" " tag="040"><subfield code="a">NYS</subfield><subfield code="b">eng</subfield><subfield code="c">NYS</subfield><subfield code="d">NYG</subfield><subfield code="d">NYS</subfield><subfield code="d">NYG</subfield><subfield code="d">NYS</subfield><subfield code="d">CNW</subfield><subfield code="d">NYS</subfield><subfield code="d">DCN</subfield><subfield code="d">OCL</subfield><subfield code="d">CRL</subfield><subfield code="d">OCLCQ</subfield><subfield code="d">OCLCF</subfield></datafield><datafield ind1="1" ind2=" " tag="029"><subfield code="a">AU@</subfield><subfield code="b">000014093000</subfield></datafield><datafield ind1=" " ind2=" " tag="042"><subfield code="a">msc</subfield></datafield><datafield ind1=" " ind2=" " tag="043"><subfield code="a">n-us-ny</subfield></datafield><datafield ind1=" " ind2=" " tag="090"><subfield code="a">AN</subfield></datafield><datafield ind1="0" ind2=" " tag="130"><subfield code="a">Spirit of the times (Batavia, N.Y. : 1833)</subfield></datafield><datafield ind1="1" ind2="4" tag="245"><subfield code="a">The spirit of the times.</subfield></datafield><datafield ind1=" " ind2=" " tag="260"><subfield code="a">Batavia [N.Y.] :</subfield><subfield code="b">L. Seaver,</subfield><subfield code="c">-1856.</subfield></datafield><datafield ind1=" " ind2=" " tag="300"><subfield code="a">v.</subfield></datafield><datafield ind1=" " ind2=" " tag="310"><subfield code="a">Weekly</subfield></datafield><datafield ind1="1" ind2=" " tag="362"><subfield code="a">Began in 1833?</subfield></datafield><datafield ind1="0" ind2=" " tag="362"><subfield code="a">-v. 38, no. 21 (Nov. 1, 1856).</subfield></datafield><datafield ind1=" " ind2=" " tag="500"><subfield code="a">Publisher varies: William Seaver &amp; Son, &lt;Oct. 24, 1848-&gt;</subfield></datafield><datafield ind1=" " ind2=" " tag="588"><subfield code="a">Description based on: Vol. 5, no. 26, new ser. (Mar. 10, 1835).</subfield></datafield><datafield ind1=" " ind2=" " tag="588"><subfield code="a">Latest issue consulted: Vol. 12, no. 5 (July 27, 1841).</subfield></datafield><datafield ind1=" " ind2="0" tag="651"><subfield code="a">Batavia (N.Y.)</subfield><subfield code="v">Newspapers.</subfield></datafield><datafield ind1=" " ind2="0" tag="651"><subfield code="a">Genesee County (N.Y.)</subfield><subfield code="v">Newspapers.</subfield></datafield><datafield ind1=" " ind2="7" tag="655"><subfield code="a">Newspapers.</subfield><subfield code="2">fast</subfield><subfield code="0">(OCoLC)fst01423814</subfield></datafield><datafield ind1=" " ind2="7" tag="651"><subfield code="a">New York (State)</subfield><subfield code="z">Batavia.</subfield><subfield code="2">fast</subfield><subfield code="0">(OCoLC)fst01224072</subfield></datafield><datafield ind1=" " ind2="7" tag="651"><subfield code="a">New York (State)</subfield><subfield code="z">Genesee County.</subfield><subfield code="2">fast</subfield><subfield code="0">(OCoLC)fst01222207</subfield></datafield><datafield ind1=" " ind2=" " tag="752"><subfield code="a">United States</subfield><subfield code="b">New York</subfield><subfield code="c">Genesee</subfield><subfield code="d">Batavia.</subfield></datafield><datafield ind1="0" ind2="5" tag="780"><subfield code="t">Batavia times, and farmers &amp; mechanics' journal</subfield><subfield code="w">(DLC)sn 84031162</subfield><subfield code="w">(OCoLC)10698967</subfield></datafield><datafield ind1="0" ind2="0" tag="780"><subfield code="t">Spirit of the times and people's press</subfield><subfield code="w">(DLC)sn 88074229</subfield><subfield code="w">(OCoLC)17597884</subfield></datafield></record>